<?xml version="1.0" encoding="UTF-8"?><collection xmlns="http://www.loc.gov/MARC21/slim"><record><leader>00417nam--2200145-i-4500</leader><controlfield tag="001">000026317</controlfield><controlfield tag="002">20161230</controlfield><controlfield tag="005">20161230201036</controlfield><controlfield tag="008">060222s1000------------r-----000-0-eng-d</controlfield><datafield ind1=" " ind2=" " tag="080"><subfield code="a">539.893(043)</subfield></datafield><datafield ind1=" " ind2=" " tag="100"><subfield code="a">Kasanin, R.And Savic, P</subfield></datafield><datafield ind1=" " ind2=" " tag="245"><subfield code="a">The behaviour of the materials under high pressures</subfield></datafield><datafield ind1=" " ind2=" " tag="260"><subfield code="a">Beograd, Naucno Delo, 1962, 32p</subfield></datafield><datafield ind1=" " ind2=" " tag="490"><subfield code="a">Section For Natural Sciences And Mathematics</subfield></datafield><datafield ind1=" " ind2=" " tag="852"><subfield code="a">77053</subfield></datafield></record></collection>